2032 3746
279 134 531 218 ,LIBER
574 131 617 207 1:
789 159 864 231 ⁴47

5 316 178 384 ratione
191 318 251 382 ant
266 309 470 398 conicitura,
499 312 674 382 obseruatio
695 329 735 379 ac
757 321 867 393 uota·,

2 433 75 498 tia
115 428 234 514 figulo,
261 427 315 495 sed
337 427 556 494 concitatione
579 429 718 514 quadam
740 429 851 511 animi,

1 543 849 634 aautsolutolibcroquemotuluturapralentiuuta

4 657 156 741 (quod
184 651 220 722 du
247 655 482 722 somniantibus
501 655 585 740 sepe
605 655 779 740 contingit,
812 655 849 726 dc
887 699 890 706 ·

8 787 277 853 nonnunqum
306 769 556 836 vaticinantibua
580 787 637 854 per
660 770 848 858 luroremr)

11 884 190 950 utBacIr
205 883 372 962 Boeotlur,
404 873 659 968 utEplnteinidea
683 883 779 963 Creo,
810 893 848 950 nt
881 876 885 886 ’

10 995 173 1083 Sibylla
197 996 383 1080 Erythraea.
438 995 537 1081 Cujus
561 997 688 1080 generia
716 997 848 1062 oracula

12 1112 144 1178 etiarn
165 1110 310 1176 habenda
328 1112 421 1190 sunt,
442 1131 507 1176 non
527 1128 587 1189 ea,
612 1127 689 1196 quae
709 1112 849 1195 aequatio

14 1224 182 1292 sortibus
206 1225 388 1304 ducuntur,
416 1223 469 1290 iad
491 1224 565 1300 illa,
600 1242 673 1310 quac
696 1223 849 1291 iniindiu
962 1221 965 1236 ’

13 1338 151 1403 divino
180 1333 358 1421 afflatuque
378 1339 576 1403 funduntur.
605 1335 672 1401 Etr
688 1337 753 1421 ipsa
781 1339 849 1404 sora
987 1409 990 1418 ,

17 1453 278 1515 contemnenda
295 1469 362 1514 nou
377 1449 422 1514 eir
431 1493 442 1527 ,
463 1449 534 1514 fi&
550 1447 773 1514 austoriraren
790 1449 849 1515 ha-

16 1565 88 1632 bet
118 1563 306 1640 vetustatir3
329 1571 366 1627 ut
388 1581 449 1630 eac
471 1563 546 1628 suut
570 1562 692 1640 sortea,
725 1580 806 1646 quaa
829 1581 850 1628 e

19 1685 127 1744 terra
147 1678 251 1741 editas
267 1678 470 1762 accepimuac
502 1693 577 1762 quac
598 1683 709 1741 tamen
731 1671 848 1755 cutte,

18 1801 65 1874 ut
84 1795 126 1867 in
149 1810 218 1856 rear
236 1801 310 1874 apte
324 1792 459 1870 cadant,
489 1789 561 1856 fieri
578 1792 673 1858 credo
690 1787 776 1876 poffe
797 1789 848 1857 di·
922 1846 927 1880 r

20 1907 175 1972 vinicus.
220 1904 370 1981 Quorum
392 1904 538 1971 omnium
556 1905 768 1988 interpreter,
805 1909 846 1968 ut

19 2018 241 2104 grammatici
264 2017 456 2103 podiatum,
486 2019 632 2104 proxime
654 2019 692 2084 ad
718 2035 844 2095 eorum,
961 2064 963 2070 .

22 2153 121 2218 quoa
135 2115 406 2216 interpretantur,
437 2133 669 2200 dlvinationem
692 2133 844 2198 videntur

25 2247 206 2324 accedere.
252 2223 335 2325 Quae
350 2245 396 2308 eit
412 2245 510 2325 igitur
527 2245 585 2308 ista
602 2244 773 2323 calliditas,
793 2263 843 2309 rea
855 2251 890 2314 ³5

26 2357 200 2452 vetustate
214 2353 359 2424 robustae
375 2356 601 2422 calumniando
617 2355 703 2422 velle
713 2373 845 2436 perver-

24 2471 136 2538 tere?
150 2471 229 2538 Non·
240 2471 366 2556 reperio
377 2467 515 2532 causam.
540 2467 636 2531 Latet
646 2465 778 2532 lortaffc
788 2465 846 2534 obss

28 2585 501 2652 icuritatoinrolutauaturae.
524 2579 847 2661 Nonenlnamedeur
873 2588 875 2593 '

29 2699 99 2766 ista
123 2698 219 2776 scire,
257 2699 311 2788 sed
334 2699 383 2762 hia
398 2697 630 2760 tantummodo
655 2695 707 2759 uti
731 2692 846 2759 voluit.
920 2773 922 2777 ,

32 2812 126 2879 Utar
136 2799 254 2898 igitur,
276 2831 335 2875 nec
353 2813 516 2884 adducar,
534 2818 586 2879 ‘ut
608 2826 703 2884 rear,
732 2814 789 2870 aut
810 2803 847 2870 in

33 2927 125 3014 entia
141 2931 244 2990 totam
262 2925 425 2990 Etruriam
440 2923 595 3000 delirare,
630 2927 688 2984 aut
711 2918 846 2984 eandem
909 2905 911 2913 ⁴

37 3045 173 3126 gentem
195 3037 227 3102 in
245 3037 428 3125 fulguribus
449 3054 578 3114 errare,
608 3042 666 3128 aut
688 3032 847 3100 fallaciter

37 3159 192 3238 portenta
211 3150 438 3235 interpretari,
468 3169 542 3214 curu
558 3155 654 3212 terrae
679 3147 760 3231 saepe
780 3147 846 3212 ire·

42 3267 163 3346 miton,
183 3265 264 3350 salpe
280 3233 433 3352 ru'ugitua,
457 3264 537 3348 iope
551 3269 659 3326 motor
676 3261 776 3330 multa
788 3277 847 3322 uo·

550 3374 627 3462 Q4
